@article{Rosa2016,
      author         = {Rosa, Joao G.},
      title          = {{Superradiance in the sky}},
      journal        = {Phys. Rev.},
      volume         = {D95},
      year           = {2017},
      number         = {6},
      pages          = {064017},
      doi            = {10.1103/PhysRevD.95.064017},
      eprint         = {1612.01826},
      archivePrefix  = {arXiv},
      primaryClass   = {gr-qc},
      SLACcitation   = {%%CITATION = ARXIV:1612.01826;%%}
}

@book{Chandrasekhar1998,
	title = {The Mathematical Theory of Black Holes},
	author = {Chandrasekhar, S.},
	isbn = {9780198503705},
	lccn = {82007920},
	series = {Oxford Classic Texts in the Physical Sciences},
	year = {1998},
	url = {https://global.oup.com/academic/product/the-mathematical-theory-of-black-holes-9780198503705},
	publisher = {Clarendon Press}
}

@article{Starobinsky1973,
    author          = {Starobinsky, A. A.},
    title           = {{Amplification of waves reflected from a rotating ``black hole''}},
    journal         = {Sov. Phys. JETP},
    volume          = {37},
    year            = {1973},
    number          = {1},
    pages			= {28--32},
    note			= {[Zh. Eksp. Teor. Fiz. 64, 48 (1973)]},
    SLACcitation	= {%%CITATION = SPHJA,37,28;%%},
	url 			= {http://www.jetp.ac.ru/cgi-bin/dn/e_037_01_0028.pdf},
}

@article{Press1973,
	author = {Press, W. H. and Teukolsky, S. A.},
	journal = {Astrophys. J.},
	pages = {649},
	title = {{Perturbations of a Rotating Black Hole. II. Dynamical Stability of the Kerr Metric}},
	doi = {10.1086/152445},
	volume = {185},
	year = {1973}
}

@article{Teukolsky1974,
	author = {Teukolsky, S. A. and Press, W. H.},
	journal = {Astrophys. J.},
	pages = {443},
	title = {{Perturbations of a rotating black hole. III. Interaction of the hole with gravitational and electromagnetic radiation}},
	doi = {10.1086/153180},
	volume = {193},
	year = {1974}
}

@article{Teukolsky1973,
	author = {Teukolsky, S. A.},
	doi = {10.1086/152444},
	journal = {Astrophys. J.},
	pages = {635--647},
	title = {{Perturbations of a rotating black hole. I. Fundamental equations for gravitational electromagnetic and neutrino field perturbations}},
	volume = {185},
	year = {1973}
}

@article{Teukolsky1972,
	author = {Teukolsky, S. A.},
	journal = {Phys. Rev. Lett.},
	number = {16},
	pages = {1114--1118},
	title = {{Rotating Black Holes: Separable Wave Equations for Gravitational and Electromagnetic Perturbations}},
	doi = {10.1103/PhysRevLett.29.1114},
	volume = {29},
	year = {1972}
}

@article{Berti2005,
	author         = {{E. Berti, V. Cardoso and M. Casals}},
	title          = {{Eigenvalues and eigenfunctions of spin-weighted spheroidal harmonics in four and higher dimensions}},
	journal        = {Phys. Rev.},
	volume         = {D73},
	year           = {2006},
	pages          = {02401},
	doi            = {10.1103/PhysRevD.73.024013},
	note           = {[Erratum: \href{https://dx.doi.org/10.1103/PhysRevD.73.109902}{Phys. Rev. \textbf{D73}, 109902 (2006)}]},
	eprint         = {gr-qc/051111},
    archivePrefix  = {arXiv},
    primaryClass   = {gr-qc},
    SLACcitation   = {%%CITATION = GR-QC/0511111;%%}
}

@book{Brito2015,
	archivePrefix = {arXiv},
	eprint = {1501.06570},
	author = {{R. Brito, V. Cardoso and P. Pani}},
	isbn = {978-3-319-18999-4},
	publisher = {Springer International Publishing},
	series = {Lecture Notes in Physics},
	title = {{Superradiance}},
	doi = {10.1007/978-3-319-19000-6},
	volume = {906},
	year = {2015},
	SLACcitation = {%%CITATION = ARXIV:1501.06570;%%}
}

@article{Dicke1954,
	author = {Dicke, R. H.},
	doi = {10.1103/PhysRev.93.99},
	issn = {0031-899X},
	journal = {Phys. Rev.},
	month = {jan},
	number = {1},
	pages = {99--110},
	title = {{Coherence in Spontaneous Radiation Processes}},
	volume = {93},
	year = {1954}
}

@article{Klein1929,
      author         = {Klein, O.},
      title          = {{Die Reflexion von Elektronen an einem Potentialsprung nach der relativistischen Dynamik von Dirac}},
      journal        = {Z. Phys.},
      volume         = {53},
      year           = {1929},
      pages          = {157},
      doi            = {10.1007/BF01339716},
      SLACcitation   = {%%CITATION = ZEPYA,53,157;%%}
}

@article{Sauter1931,
      author         = {Sauter, Fritz},
      title          = {{Uber das Verhalten eines Elektrons im homogenen
                        elektrischen Feld nach der relativistischen Theorie
                        Diracs}},
      journal        = {Z. Phys.},
      volume         = {69},
      year           = {1931},
      pages          = {742--764},
      doi            = {10.1007/BF01339461},
      SLACcitation   = {%%CITATION = ZEPYA,69,742;%%}
}

@article{Manogue1988,
   author = {{Manogue}, C.~A.},
    title = {{The Klein paradox and superradiance}},
  journal = {Ann. Phys.},
     year = {1988},
    month = {feb},
   volume = {181},
    pages = {261--283},
      doi = {10.1016/0003-4916(88)90167-4}
}

@article{Winter1959,
	author = {Winter, Rolf G.},
	doi = {10.1119/1.1934851},
	issn = {0002-9505},
	journal = {Am. J. Phys.},
	month = {may},
	number = {5},
	pages = {355--358},
	title = {{Klein Paradox for the Klein-Gordon Equation}},
	volume = {27},
	year = {1959}
}

@article{Zeldovich1971,
   author = {{Zel'dovich}, Y.~B.},
    title = {{Generation of Waves by a Rotating Body}},
	 note = {[Zh. Eksp. Teor. Fiz. Pis'ma Red. \textbf{14}, 270 (1971)]},
  journal = {JETP Lett.},
     year = {1971},
   volume = {14},
    pages = {180},
	  url = {http://www.jetpletters.ac.ru/ps/1604/article_24607.pdf}
}

@article{Zeldovich1972,
   author = {{Zel'dovich}, Y.~B.},
    title = {{Amplification of Cylindrical Electromagnetic Waves Reflected from a Rotating Body}},
  journal = {Sov. Phys. JETP},
   volume = {35},
   pages  = {1085--1087},
     year = {1972},
	  url = {http://jetp.ac.ru/cgi-bin/dn/e_035_06_1085.pdf}, 
	 note = {[Zh. Eksp. Tear. Fiz. \textbf{62}, 2076 (1972)]}
}